@Article{Xuan-Son-Vu:2014,
  author = 	 {Vu, Xuan-Son and Park, Seong-Bae},
  title = 	 {Construction of Vietnamese SentiWordNet By Using Vietnamese Dictionary},
  journal =	 {The 40th Conference of the Korea Information Processing Society},
  year = 	 {2014},
  OPTkey = 	 {},
  volume = 	 {21},
  OPTnumber = 	 {},
  pages = 	 {745-748},
  OPTmonth = 	 {4},
  OPTnote = 	 {},
  OPTannote = 	 {}
}

@phdthesis{mikolov2012statistical,
  title={Statistical Language Models Based on Neural Networks},
  author={Mikolov, Tom{\'a}{\v{s}}},
  year={2012},
  school={Ph. D. thesis, Brno University of Technology}
}

@inproceedings{SocherEtAl2011:RAE,
author = {Richard Socher and Jeffrey Pennington and Eric H. Huang and Andrew Y. Ng and Christopher D. Manning},
title = {{Semi-Supervised Recursive Autoencoders for Predicting Sentiment Distributions}},
booktitle = {Proceedings of the 2011 Conference on Empirical Methods in Natural Language Processing (EMNLP)}, 
year = 2011
}

@incollection{NIPS2010_0160,
 title = {Phone Recognition with the Mean-Covariance Restricted {B}oltzmann Machine},
 author = {George E. Dahl and Marc'Aurelio Ranzato and AbdFel{-}rahman 
Mohamed and Geoffrey E. Hinton},
 booktitle = {Advances in Neural Information Processing Systems 23},
 editor = {J. Lafferty and C. K. I. Williams and J. Shawe-Taylor and R.S. Zemel and A. Culotta},
 pages = {469--477},
 year = {2010}
}

@article{scikit-learn,
 title={Scikit-learn: Machine Learning in {P}ython},
 author={Pedregosa, F. and Varoquaux, G. and Gramfort, A. and Michel, V.
         and Thirion, B. and Grisel, O. and Blondel, M. and Prettenhofer, P.
         and Weiss, R. and Dubourg, V. and Vanderplas, J. and Passos, A. and
         Cournapeau, D. and Brucher, M. and Perrot, M. and Duchesnay, E.},
 journal={Journal of Machine Learning Research},
 volume={12},
 pages={2825--2830},
 year={2011}
}

@article{Walt:2011:NAS:1957373.1957466,
 author = {Walt, Stefan van der and Colbert, S. Chris and Varoquaux, Gael},
 title = {The NumPy Array: A Structure for Efficient Numerical Computation},
 journal = {Computing in Science and Engg.},
 issue_date = {March 2011},
 volume = {13},
 number = {2},
 month = mar,
 year = {2011},
 issn = {1521-9615},
 pages = {22--30},
 numpages = {9},
 url = {http://dx.doi.org/10.1109/MCSE.2011.37},
 doi = {10.1109/MCSE.2011.37},
 acmid = {1957466},
 publisher = {IEEE Educational Activities Department},
 address = {Piscataway, NJ, USA},
 keywords = {NumPy, Python, Python, NumPy, scientific programming, numerical computations, programming libraries, numerical computations, programming libraries, scientific programming},
} 


@article{joulin2016bag,
  title={Bag of Tricks for Efficient Text Classification},
  author={Joulin, Armand and Grave, Edouard and Bojanowski, Piotr and Mikolov, Tomas},
  journal={arXiv preprint arXiv:1607.01759},
  year={2016}
}

@INPROCEEDINGS{Pang02thumbsup,
	author = {Bo Pang and Lillian Lee and Shivakumar Vaithyanathan},
	title = {Thumbs up? Sentiment Classification using Machine Learning Techniques},
	booktitle = {IN PROCEEDINGS OF EMNLP},
	year = {2002},
	pages = {79--86},
	publisher = {}
}

@book{cristianini2000,
	added-at = {2011-04-06T15:03:05.000+0200},
	address = {Cambridge, UK},
	author = {Cristianini, Nello and Shawe-Taylor, John},
	biburl = {http://www.bibsonomy.org/bibtex/2251b00a05b3df11168de911d7591490e/utahell},
	howpublished = {Hardcover},
	interhash = {bd25ad1920a22e4e1214a372806ebd83},
	intrahash = {251b00a05b3df11168de911d7591490e},
	isbn = {0521780195},
	keywords = {kernel learning svm},
	month = {March},
	publisher = {Cambridge University Press},
	timestamp = {2011-04-06T15:03:05.000+0200},
	title = {An Introduction to Support Vector Machines and Other Kernel-based Learning Methods},
	year = 2000
}


@MISC{Joachims98makinglarge_scale,
	author = {Thorsten Joachims},
	title = {Making Large-Scale Support Vector Machine Learning Practical},
	year = {1998}
}

@MISC{Ganu_beyondthe,
	author = {Gayatree Ganu and Noémie Elhadad and Amélie Marian},
	title = {Beyond the Stars: Improving Rating Predictions using Review Text Content},
	year = {2009}
}


@inproceedings{Tong2001,
	added-at = {2008-04-01T23:37:32.000+0200},
	address = {New Orleans, Louisianna},
	author = {Tong, Richard},
	biburl = {http://www.bibsonomy.org/bibtex/28a39c4fe8c5379995b6fd398e18ffcfe/subjectivity},
	booktitle = {Working Notes of the SIGIR Workshop on Operational Text Classification},
	interhash = {7330ae59f662fdbe80ae09c09308076f},
	intrahash = {8a39c4fe8c5379995b6fd398e18ffcfe},
	keywords = {tong01subjectivity},
	owner = {cem},
	pages = {1-6},
	timestamp = {2008-04-01T23:37:56.000+0200},
	title = {An operational system for detecting and tracking opinions in on-line
	discussions},
	year = 2001
}

@ARTICLE{sentiment_kiritchenko,
	AUTHOR = "S. Kiritchenko and X. Zhu and S. M. Mohammad",
	TITLE = "Sentiment Analysis of Short Informal Texts",
	JOURNAL = "Volume 50",
	pages = {723-762},
	YEAR = {2014}	
    
}


@ARTICLE{mikolov:distributed,
	AUTHOR = " T. Mikolov and I. Sutskever and K. Chen and G. S. Corrado and J. Dean",
	TITLE = "Distributed Representations of Words and Phrases and their Compositionality",
	JOURNAL = "In Proceedings of the 27th Annual Conference on Neural Information
	Processing Systems",
	PAPES = {3111-3119},
	YEAR = {2013}	}


@inproceedings{pennington2014glove,
	added-at = {2016-02-18T12:02:38.000+0100},
	author = {Pennington, Jeffrey and Socher, Richard and Manning, Christopher D},
	biburl = {http://www.bibsonomy.org/bibtex/2a6e77a38c13e374ab250e13ae22993ec/thoni},
	booktitle = {EMNLP},
	interhash = {29813227df1eea94efa14c7df2b5553a},
	intrahash = {a6e77a38c13e374ab250e13ae22993ec},
	keywords = {deeplearning deepwiki glove semantic},
	pages = {1532--1543},
	timestamp = {2016-09-06T08:23:07.000+0200},
	title = {{Glove: Global Vectors for Word Representation.}},
	volume = 14,
	year = {2014}
}


@inproceedings{Socher-etal:2013,
	Location = {Seattle, WA},
	Author = {Socher, Richard  and  Perelygin, Alex  and  Wu, Jean  and  Chuang, Jason  and  Manning, Christopher D.  and  Ng, Andrew Y.  and  Potts, Christopher},
	Booktitle = {Proceedings of the 2013 Conference on {E}mpirical {M}ethods in {N}atural {L}anguage {P}rocessing},
	Month = {October},
	Publisher = {Association for Computational Linguistics},
	Address = {Stroudsburg, PA},
	Title = {{Recursive Deep Models for Semantic Compositionality Over a Sentiment Treebank}},
	Pages = {1631--1642},
	Year = {2013}
    
}


@inproceedings {Kieu_2010,
	title = {{Sentiment Analysis for Vietnamese}},
	journal = { International Conference on Knowledge and Systems Engineering},
	year = {2010},
	publisher = {IEEE CS},
	organization = {IEEE CS},
	author = {Binh Thanh Kieu  and Son Bao Pham}
}

@inproceedings{Ha_2011,
	author    = {Quang{-}Thuy Ha and
	Tien{-}Thanh Vu and
	Huyen{-}Trang Pham and
	Cong{-}To Luu},
	title     = {{An Upgrading Feature-Based Opinion Mining Model on Vietnamese Product
	Reviews}},
	booktitle = {Active Media Technology - 7th International Conference, {AMT} 2011,
	Lanzhou, China, September 7-9, 2011. Proceedings},
	pages     = {173--185},
	year      = {2011},
	url       = {http://dx.doi.org/10.1007/978-3-642-23620-4_21},
	doi       = {10.1007/978-3-642-23620-4_21},
	timestamp = {Tue, 23 Aug 2011 12:08:56 +0200},
	biburl    = {http://dblp.uni-trier.de/rec/bib/conf/amt/HaVPL11},
	bibsource = {dblp computer science bibliography, http://dblp.org}
}

@inproceedings{Hong_2014,
	author    = {Hong Nam Nguyen and
	Thanh Van Le and
	Hai Son Le and
	Tran Vu Pham},
	title     = {{Domain Specific Sentiment Dictionary for Opinion Mining of Vietnamese
	Text}},
	booktitle = {Multi-disciplinary Trends in Artificial Intelligence - 8th International
	Workshop, {MIWAI} 2014, Bangalore, India, December 8-10, 2014. Proceedings},
	pages     = {136--148},
	year      = {2014},
	url       = {http://dx.doi.org/10.1007/978-3-319-13365-2_13},
	doi       = {10.1007/978-3-319-13365-2_13},
	timestamp = {Tue, 18 Nov 2014 11:32:02 +0100},
	biburl    = {http://dblp.uni-trier.de/rec/bib/conf/miwai/NguyenLLP14},
	bibsource = {dblp computer science bibliography, http://dblp.org}
}

@INPROCEEDINGS{Duyen_2014, 
	author={N. T. Duyen and N. X. Bach and T. M. Phuong}, 
	booktitle={2014 International Conference on Advanced Technologies for Communications (ATC 2014)}, 
	title={{An empirical study on sentiment analysis for Vietnamese}}, 
	year={2014}, 
	pages={309-314},  
	doi={10.1109/ATC.2014.7043403}, 
	ISSN={2162-1020}, 
	month={Oct},}

@article{liu2012sentiment,
  added-at = {2014-09-18T20:18:41.000+0200},
  author = {Liu, Bing},
  biburl = {https://www.bibsonomy.org/bibtex/2379d4ac3ddc1aa8b353c257805d56996/dallmann},
  doi = {10.2200/s00416ed1v01y201204hlt016},
  interhash = {38baa4d6a430731ea8c610d69321c856},
  intrahash = {379d4ac3ddc1aa8b353c257805d56996},
  journal = {Synthesis Lectures on Human Language Technologies},
  keywords = {analysis mining opinion sentiment},
  month = may,
  number = 1,
  pages = {1--167},
  publisher = {Morgan {\&} Claypool Publishers $\lbrace$LLC$\rbrace$},
  timestamp = {2014-09-18T20:18:41.000+0200},
  title = {Sentiment Analysis and Opinion Mining},
  url = {http://dx.doi.org/10.2200/S00416ED1V01Y201204HLT016},
  volume = 5,
  year = 2012
}

